@report{3gpp.22.101,
  author = "3GPP",
  title = "{Service aspects; Service principles}",
  type = "TS",
  institution = "{3rd Generation Partnership Project (3GPP)}",
  number = "{22.101}",
  days = 24,
  month=sep.,
  year = 2008,
  url = "http://www.3gpp.org/ftp/Specs/html-info/22101.htm",
}

@Manual{Notes,
    title =        {Cepstrum Analysis and Gearbox Fault Diagnosis},
    author =       "R.B. Randall",
    edition =       {2},
    organization = {Br\"uel \& Kjaer},
    location = {Denmark}
}
@Manual{Notes2,
	title = "Gearbox Analysis using Cepstrum Analysis and Comb Liftering",
	author = "N. Johan Wismer",
	organization = {Br\"uel \& Kjaer},
	location = "Denmark",
	number = {BO 0440 – 11}

}

@Manual{orderAnalysis,
	title = "Order Analysis",
	organization = {Br\"uel \& Kjaer}

}
@Manual{Kurtosis,
	title = "Kurtosis in Random vibration Controll",
	year = "2009",
	month = "September",
	organization = {Br\"uel \& Kjaer}

}

@Manual{orderAnalysis2,
	title = "Vibration Analysis and Signal Processing in LabVIEW",
	organization = "National Instruments",
	year = "2016",
	month = "1"
}

@Manual{bruitChaine,
title = "Acoustique Boîte Bruits de Chaine Cinématique",
author = "Christophe Develay",
organization = "Renault",
year = "2010"
}
@manual{formacaoCaixa,
title = "Formação Sensibilização Produto Caixa de Velocidades",
year = "2017",
month = "9",
organization = "Renault"}


@Thesis{Grainolement,
author = "François Etienne",
title = "Design Sonore des objects",
institution = "E.N.S.A.M. PARIS",
year = "2001"
}

@Online{MLIBM,
title = "What is Machine Learning",
author = "IBM Cloud Education",
url = "https://www.ibm.com/cloud/learn/machine-learning",
year = "2020",
month = "7"
}



@Online{imagemRelation,
author = "Chainika Thakar",
year = "2020",
month = "3",
url = "https://blog.quantinsti.com/deep-learning-finance/"
}

@Online{ANN_structure,
year = "2020",
month = "7",
organization = "Viceri",
url = "https://viceri.com.br/insights/arquiteturas-de-redes-neurais-convolucionais-para-reconhecimento-de-imagens/"
}
